@STRING(PRL="Phys. Rev. Lett.")
@STRING(RMP="Rev. Mod. Phys.")
@STRING(PRA="Phys. Rev. A")
@STRING(PRC="Phys. Rev. C")
@STRING(PRD="Phys. Rev. D")
@STRING(PRDR="Phys. Rev. D, Rapid communications")
@STRING(NPA="Nucl. Phys. A")
@STRING(PLB="Phys. Lett. B")

@Article{Hoodbhoy:1988am,
     author    = "Hoodbhoy, Pervez and Jaffe, R. L. and Manohar, Aneesh",
     title     = "{Novel Effects in Deep Inelastic Scattering from Spin 1
                  Hadrons}",
     journal   = "Nucl. Phys.",
     volume    = "B312",
     year      = "1989",
     pages     = "571",
     doi       = "10.1016/0550-3213(89)90572-5",
     SLACcitation  = "%%CITATION = NUPHA,B312,571;%%"
}

@Article{Lampe:1998eu,
     author    = "Lampe, Bodo and Reya, Ewald",
     title     = "{Spin physics and polarized structure functions}",
     journal   = "Phys. Rept.",
     volume    = "332",
     year      = "2000",
     pages     = "1-163",
     eprint    = "hep-ph/9810270",
     archivePrefix = "arXiv",
     doi       = "10.1016/S0370-1573(99)00100-3",
     SLACcitation  = "%%CITATION = HEP-PH/9810270;%%"
}

@Article{Close:1990zw,
     author    = "Close, F. E. and Kumano, S.",
     title     = "{A sum rule for the spin dependent structure function b-
                  1(x) for spin one hadrons}",
     journal   = "Phys. Rev.",
     volume    = "D42",
     year      = "1990",
     pages     = "2377-2379",
     doi       = "10.1103/PhysRevD.42.2377",
     SLACcitation  = "%%CITATION = PHRVA,D42,2377;%%"
}

@Article{Khan:1991qk,
     author    = "Khan, H. and Hoodbhoy, P.",
     title     = "{Convenient parametrization for deep inelastic structure
                  functions of the deuteron}",
     journal   = "Phys. Rev.",
     volume    = "C44",
     year      = "1991",
     pages     = "1219-1222",
     doi       = "10.1103/PhysRevC.44.1219",
     SLACcitation  = "%%CITATION = PHRVA,C44,1219;%%"
}

@Article{Kumano:2010vz,
     author    = "Kumano, S.",
     title     = "{Tensor-polarized quark and antiquark distribution
                  functions in a spin-one hadron}",
     journal   = "Phys. Rev.",
     volume    = "D82",
     year      = "2010",
     pages     = "017501",
     eprint    = "1005.4524",
     archivePrefix = "arXiv",
     primaryClass  =  "hep-ph",
     doi       = "10.1103/PhysRevD.82.017501",
     SLACcitation  = "%%CITATION = 1005.4524;%%"
}



%%%%%%%%%%%%%%%%%%%%%%%%%%%%%%%%%%%%%%%%%%%%%%%%%%%%%%%%%%%%%%%%%%%%%%%%%%%%%%%%%%%%%%%%%%%

@Article{Burkhardt:1970ti,
     author    = "Burkhardt, Hugh and Cottingham, W. N.",
     title     = "Sum rules for forward virtual Compton scattering",
     journal   = "Annals Phys.",
     volume    = "56",
     year      = "1970",
     pages     = "453-463"
}
@Article{Amarian:2002ar,
     author    = "Amarian, M. and others",
     title     = "The Q**2 evolution of the generalized Gerasimov-Drell-Hearn
                  integral  for the neutron using a He-3 target",
     journal   = "Phys. Rev. Lett.",
     volume    = "89",
     year      = "2002",
     pages     = "242301"
}

@Article{Amarian:2004tmp,
     author    = "Amarian, M. and others",
     title     = "The $Q^2$ evolution of the Neutron Spin Structure Moments
                  using a $^3$He target",
     journal   = "Phys. Rev. Lett.",
     volume    = "92",
     year      = "2004",
     pages     = "022301"
}
@Article{Amarian:2004yf,
     author    = "Amarian, M. and others",
     title     = "Measurement of the generalized forward spin
                  polarizabilities of the neutron",
     journal   = "Phys. Rev. Lett.",
     volume    = "93",
     year      = "2004",
     pages     = "152301",
}
@Article{Meziani:2004ne,
     author    = "Meziani, Z.-E. and others",
     title     = "Higher twists and color polarizabilities in the neutron",
     year      = "2004",
     SLIFERCOMMENT = {eprint    = "hep-ph/0404066"},
     note = "hep-ph/0404066",
     SLACcitation  = "%%CITATION = HEP-PH 0404066;%%"
}

@Article{Deur:2004ti,
     author    = "Deur, A. and others",
     title     = "{Experimental determination of the evolution of the Bjorken
                  integral at  low Q**2}",
     journal   = "Phys. Rev. Lett.",
     volume    = "93",
     year      = "2004",
     pages     = "212001",
     eprint    = "hep-ex/0407007",
     archivePrefix = "arXiv",
     doi       = "10.1103/PhysRevLett.93.212001",
     SLACcitation  = "%%CITATION = HEP-EX/0407007;%%"
}



@Article{Ji:1999mr,
     author    = "Ji, Xiang-Dong and Osborne, Jonathan",
     title     = "Generalized sum rules for spin-dependent structure
                  functions of the  nucleon",
     journal   = "J. Phys.",
     volume    = "G27",
     year      = "2001",
     pages     = "127",
     eprint    = "hep-ph/9905410",
     SLACcitation  = "%%CITATION = HEP-PH 9905410;%%"
}
@Article{Drechsel:2000ct,
     author    = "Drechsel, D. and Kamalov, S. S. and Tiator, L.",
     title     = "The GDH sum rule and related integrals",
     journal   = "Phys. Rev.",
     volume    = "D63",
     year      = "2001",
     pages     = "114010"
}
@Article{Amroun:1994qj,
     author    = "Amroun, A. and others",
     title     = "H-3 and He-3 electromagnetic form-factors",
     journal   = "Nucl. Phys.",
     volume    = "A579",
     year      = "1994",
     pages     = "596-626"
}
@Article{Drechsel:1998hk,
     author    = "Drechsel, D. and Hanstein, O. and Kamalov, S. S. and
                  Tiator, L.",
     title     = "A unitary isobar model for pion photo- and
                  electroproduction on the  proton up to 1-GeV",
     journal   = "Nucl. Phys.",
     volume    = "A645",
     year      = "1999",
     pages     = "145-174"
}
@Article{CiofidegliAtti:1994cm,
     author    = "Ciofi degli Atti, Claudio and Pace, E. and Salme, G.",
     title     = "Investigation of the neutron form-factors by inclusive
                  quasielastic scattering of polarized electrons off
                  polarized He-3: A Theoretical overview",
     journal   = "Phys. Rev.",
     volume    = "C51",
     year      = "1995",
     pages     = "1108-1119"
}
@Article{Pace:2001cm,
     author    = "Pace, E. and Salme, G. and Scopetta, S. and Kievsky, A.",
     title     = "Neutron structure function F2(n)(x) from deep inelastic
                  electron  scattering off few-nucleon systems",
     journal   = "Phys. Rev.",
     volume    = "C64",
     year      = "2001",
     pages     = "055203"
}
@Article{Anthony:2002hy,
     author    = "Anthony, P. L. and others",
 collaboration = "E155",
     title     = "Precision measurement of the proton and deuteron spin
                  structure  functions g2 and asymmetries A(2)",
     journal   = "Phys. Lett.",
     volume    = "B553",
     year      = "2003",
     pages     = "18-24",
     eprint    = "hep-ex/0204028",
     SLACcitation  = "%%CITATION = HEP-EX 0204028;%%"
}
@Article{Airapetian:2002wd,
     author    = "Airapetian, A. and others",
 collaboration = "HERMES",
     title     = "The Q**2-dependence of the generalised Gerasimov-Drell-
                  Hearn integral for the deuteron, proton and neutron",
     journal   = "Eur. Phys. J.",
     volume    = "C26",
     year      = "2003",
     pages     = "527-538",
     eprint    = "hep-ex/0210047",
     SLACcitation  = "%%CITATION = HEP-EX 0210047;%%"
}
@Article{Fatemi:2003yh,
     author    = "Fatemi, R. and others",
     title     = "Measurement of the proton spin structure function
                  g1(x,Q**2) for Q**2  from 0.15-GeV**2 to 1.6-GeV**2 with
                  CLAS",
     journal   = "Phys. Rev. Lett.",
     volume    = "91",
     year      = "2003",
     pages     = "222002"
}
@Article{Wandzura:1977qf,
     author    = "Wandzura, S. and Wilczek, Frank",
     title     = "SUM RULES FOR SPIN DEPENDENT ELECTROPRODUCTION: TEST OF
                  RELATIVISTIC CONSTITUENT QUARKS",
     journal   = "Phys. Lett.",
     volume    = "B72",
     year      = "1977",
     pages     = "195"
}
@Article{Meissner_chiral2,
     author    = "Bernard, Veronique and Hemmert, Thomas R. and Meissner,
                  Ulf-G.",
     title     = "Novel analysis of chiral loop effects in the generalized
                  Gerasimov-Drell-Hearn sum rule",
     journal   = "Phys. Lett.",
     volume    = "B545",
     year      = "2002",
     pages     = "105-111",
     eprint    = "hep-ph/0203167",
     SLACcitation  = "%%CITATION = HEP-PH 0203167;%%"
}
@Article{Bernard:2002bs,
     author    = "Bernard, Veronique and Hemmert, Thomas R. and Meissner,
                  Ulf-G.",
     title     = "Novel analysis of chiral loop effects in the generalized
                  Gerasimov-Drell-Hearn sum rule",
     journal   = "Phys. Lett.",
     volume    = "B545",
     year      = "2002",
     pages     = "105-111",
     eprint    = "hep-ph/0203167",
     SLACcitation  = "%%CITATION = HEP-PH 0203167;%%"
}
@Article{Kao:2002cp,
     author    = "Kao, Chung Wen and Spitzenberg, Thomas and Vanderhaeghen,
                  Marc",
     title     = "Burkhardt-Cottingham sum rule and forward spin
                  polarizabilities in heavy baryon chiral perturbation
                  theory",
     journal   = "Phys. Rev.",
     volume    = "D67",
     year      = "2003",
     pages     = "016001",
     eprint    = "hep-ph/0209241",
     SLACcitation  = "%%CITATION = HEP-PH 0209241;%%"
}
@Article{Abe:1998wq,
     author    = "Abe, K. and others",
 collaboration = "E143",
     title     = "Measurements of the proton and deuteron spin structure
                  functions g1  and g2",
     journal   = "Phys. Rev.",
     volume    = "D58",
     year      = "1998",
     pages     = "112003",
     eprint    = "hep-ph/9802357",
     SLACcitation  = "%%CITATION = HEP-PH 9802357;%%"
}
@misc{GDHSHORT,
      note={S. Gerasimov,
                Sov. J. Nucl. Phys. {\bf 2}, 430
               (1966);
            {S. D. Drell and A. C. Hearn} ,
        Phys. Rev. Lett. {\bf 16}, 908 (1966);
            {M. Hosoda and K. Yamamoto},
        {Prog. Theor. Phys. } {\bf 30}, 425 (1966).
 }
@Article{Gockeler:2000ja,
     author    = "Gockeler, M. and others",
     title     = "A lattice calculation of the nucleon's spin-dependent
                  structure  function g2 revisited",
     journal   = "Phys. Rev.",
     volume    = "D63",
     year      = "2001",
     pages     = "074506",
     eprint    = "hep-lat/0011091",
     SLACcitation  = "%%CITATION = HEP-LAT 0011091;%%"
}
@Article{Stratmann:1993aw,
     author    = "Stratmann, M.",
     title     = "Bag model predictions for polarized structure functions and
                  their Q**2 evolutions",
     journal   = "Z. Phys.",
     volume    = "C60",
     year      = "1993",
     pages     = "763-772",
     SLACcitation  = "%%CITATION = ZEPYA,C60,763;%%"
}
@Article{Song:1996ea,
     author    = "Song, X.",
     title     = "Polarized structure function $g_2$ in the CM bag model",
     journal   = "Phys. Rev.",
     volume    = "D54",
     year      = "1996",
     pages     = "1955-1966",
     eprint    = "hep-ph/9604264",
     SLACcitation  = "%%CITATION = HEP-PH 9604264;%%"
}
@Article{Weigel:2000gx,
     author    = "Weigel, Herbert and Gamberg, Leonard P.",
     title     = "Hadron structure functions within a chiral quark model",
     journal   = "Nucl. Phys.",
     volume    = "A680",
     year      = "2000",
     pages     = "48-51",
     eprint    = "hep-ph/0004057",
     SLACcitation  = "%%CITATION = HEP-PH 0004057;%%"
}
@Article{Wakamatsu:2000ex,
     author    = "Wakamatsu, M.",
     title     = "Polarized structure functions g2(x) in the chiral quark
                  soliton model",
     journal   = "Phys. Lett.",
     volume    = "B487",
     year      = "2000",
     pages     = "118-124",
     eprint    = "hep-ph/0006212",
     SLACcitation  = "%%CITATION = HEP-PH 0006212;%%"
}
@Article{Nazaryan:2005zc,
     author    = "Nazaryan, Vahagn and Carlson, Carl E. and Griffioen, Keith
                  A.",
     title     = "{New experimental constraints on polarizability corrections
                  to hydrogen  hyperfine structure}",
     journal   = "Phys. Rev. Lett.",
     volume    = "96",
     year      = "2006",
     pages     = "163001",
     eprint    = "hep-ph/0512108",
     archivePrefix = "arXiv",
     doi       = "10.1103/PhysRevLett.96.163001",
     SLACcitation  = "%%CITATION = HEP-PH/0512108;%%"
}
@Article{Prok:2008ev,
     author    = "Prok, Y. and others",
 collaboration = "CLAS",
     title     = "{Moments of the Spin Structure Functions g_1^p and g_1^d
                  for 0.05 < Q^2 < 3.0 GeV^2}",
     year      = "2008",
     eprint    = "0802.2232",
     archivePrefix = "arXiv",
     primaryClass  =  "nucl-ex",
     SLACcitation  = "%%CITATION = 0802.2232;%%"
}

@Article{Simula:2001iy,
     author    = "Simula, S. and Osipenko, M. and Ricco, G. and Taiuti, M.",
     title     = "{Leading and higher twists in the proton polarized
                  structure function  g1(p) at large Bjorken x}",
     journal   = "Phys. Rev.",
     volume    = "D65",
     year      = "2002",
     pages     = "034017",
     eprint    = "hep-ph/0107036",
     archivePrefix = "arXiv",
     doi       = "10.1103/PhysRevD.65.034017",
     SLACcitation  = "%%CITATION = HEP-PH/0107036;%%"
}

@Article{Slifer:2008re_offic,
     author    = "Slifer, K. and others",
 collaboration = "E94010",
     title     = "{3He Spin-Dependent Cross Sections and Sum Rules}",
     year      = "2008",
     eprint    = "0803.2267",
     archivePrefix = "arXiv",
     primaryClass  =  "nucl-ex",
     SLACcitation  = "%%CITATION = 0803.2267;%%"
}

@Article{Slifer:2008re_old,
     author    = "Slifer, K. and others",
 collaboration = "E94010",
     title     = "{3He Spin-Dependent Cross Sections and Sum Rules}",
     year      = "2008",
     journal   = "arXiv:0803.2267, Accepted for publication in Phys. Rev. Lett.",
}


@Article{Slifer:2008re,
     author    = "Slifer, K. and others",
 collaboration = "E94010",
     title     = "{3He Spin-Dependent Cross Sections and Sum Rules}",
     journal   = "Phys. Rev. Lett.",
     volume    = "101",
     pages     = "022303",
     year      = "2008",
     eprint    = "0803.2267",
     archivePrefix = "arXiv",
     primaryClass  =  "nucl-ex",
     SLACcitation  = "%%CITATION = 0803.2267;%%"
}


@Article{Meyer:1985dta,
     author    = "Meyer, W. and others",
     title     = "{TENSOR POLARIZATION OF DEUTERONS IN IRRADIATED ND-3}",
     journal   = "Nucl. Instrum. Meth.",
     volume    = "A244",
     year      = "1986",
     pages     = "574",
     doi       = "10.1016/0168-9002(86)91087-9",
     SLACcitation  = "%%CITATION = NUIMA,A244,574;%%"
}

@Article{Dulya:1997qc,
     author    = "Dulya, C. and others",
 collaboration = "Spin Muon",
     title     = "{A line-shape analysis for spin-1 NMR signals}",
     journal   = "Nucl. Instrum. Meth.",
     volume    = "A398",
     year      = "1997",
     pages     = "109-125",
     doi       = "10.1016/S0168-9002(97)00317-3",
     SLACcitation  = "%%CITATION = NUIMA,A398,109;%%"
}

@Article{Airapetian:2005cb,
     author    = "Airapetian, A. and others",
 collaboration = "HERMES",
     title     = "{First measurement of the tensor structure function b1 of
                  the deuteron}",
     journal   = "Phys. Rev. Lett.",
     volume    = "95",
     year      = "2005",
     pages     = "242001",
     eprint    = "hep-ex/0506018",
     archivePrefix = "arXiv",
     doi       = "10.1103/PhysRevLett.95.242001",
     SLACcitation  = "%%CITATION = HEP-EX/0506018;%%"
}

@Article{Osipenko:2005nx,
     author    = "Osipenko, M. and others",
     title     = "{Global analysis of data on the proton structure function
                  g1 and  extraction of its moments}",
     journal   = "Phys. Rev.",
     volume    = "D71",
     year      = "2005",
     pages     = "054007",
     eprint    = "hep-ph/0503018",
     archivePrefix = "arXiv",
     doi       = "10.1103/PhysRevD.71.054007",
     SLACcitation  = "%%CITATION = HEP-PH/0503018;%%"
}

@Article{Wesselmann:2006mw,
     author    = "Wesselmann, F. R. and others",
 collaboration = "RSS",
     title     = "{Proton Spin Structure in the Resonance Region}",
     journal   = "Phys. Rev. Lett.",
     volume    = "98",
     year      = "2007",
     pages     = "132003",
     eprint    = "nucl-ex/0608003",
     archivePrefix = "arXiv",
     doi       = "10.1103/PhysRevLett.98.132003",
     SLACcitation  = "%%CITATION = NUCL-EX/0608003;%%"
}

@Article{Guichon:1995pu,
     author    = "Guichon, P. A. M. and Liu, G. Q. and Thomas, Anthony
                  William",
     title     = "{Virtual Compton scattering and generalized
                  polarizabilities of the proton}",
     journal   = "Nucl. Phys.",
     volume    = "A591",
     year      = "1995",
     pages     = "606-638",
     eprint    = "nucl-th/9605031",
     archivePrefix = "arXiv",
     doi       = "10.1016/0375-9474(95)00217-O",
     SLACcitation  = "%%CITATION = NUCL-TH/9605031;%%"
}

@Article{Zemach,
     author    = "Zemach, A. C.",
     title     = "Proton Structure and the Hyperfine Shift in Hydrogen", 
     journal   = "Phys. Rev.", 
     volume    = "104", 
     pages     = "1771", 
     year      = "1956"
}


@Article{Shuryak:1981pi,
     author    = "Shuryak, Edward V. and Vainshtein, A. I.",
     title     = "{Theory of Power Corrections to Deep Inelastic Scattering
                  in Quantum Chromodynamics. 2. Q**4 Effects: Polarized
                  Target}",
     journal   = "Nucl. Phys.",
     volume    = "B201",
     year      = "1982",
     pages     = "141",
     doi       = "10.1016/0550-3213(82)90377-7",
     SLACcitation  = "%%CITATION = NUPHA,B201,141;%%"
}

@Article{Jones:2006kf,
     author    = "Jones, M. K. and others",
 collaboration = "Resonance Spin Structure",
     title     = "{Proton G(E)/G(M) from beam-target asymmetry}",
     journal   = "Phys. Rev.",
     volume    = "C74",
     year      = "2006",
     pages     = "035201",
     eprint    = "nucl-ex/0606015",
     archivePrefix = "arXiv",
     doi       = "10.1103/PhysRevC.74.035201",
     SLACcitation  = "%%CITATION = NUCL-EX/0606015;%%"
}

@Article{Averett:1999nz,
     author    = "Averett, T. D. and others",
     title     = "{A solid polarized target for high-luminosity
                  experiments}",
     journal   = "Nucl. Instrum. Meth.",
     volume    = "A427",
     year      = "1999",
     pages     = "440-454",
     doi       = "10.1016/S0168-9002(98)01431-4",
     SLACcitation  = "%%CITATION = NUIMA,A427,440;%%"
}

@Article{Hayashi:1995xt,
     author    = "Hayashi, N. and others",
     title     = "{Online system for NMR polarization measurement}",
     journal   = "Nucl. Instrum. Meth.",
     volume    = "A356",
     year      = "1995",
     pages     = "91-95",
     doi       = "10.1016/0168-9002(94)01451-5",
     SLACcitation  = "%%CITATION = NUIMA,A356,91;%%"
}

@Article{Niinikoski:1981kc,
     author    = "Niinikoski, T. O.",
     title     = "{DILUTION REFRIGERATOR FOR A 2-LITER POLARIZED TARGET}",
     journal   = "Nucl. Instr. Meth.",
     volume    = "192",
     year      = "1982",
     pages     = "151",
     doi       = "10.1016/0029-554X(82)90817-5",
     SLACcitation  = "%%CITATION = NUIMA,192,151;%%"
}

@Article{Court:1993mc,
     author    = "Court, G. R. and Gifford, D. W. and Harrison, P. and Heyes,
                  W. G. and Houlden, M. A.",
     title     = "{A High precision Q meter for the measurement of proton
                  polarization in polarized targets}",
     journal   = "Nucl. Instrum. Meth.",
     volume    = "A324",
     year      = "1993",
     pages     = "433-440",
     doi       = "10.1016/0168-9002(93)91047-Q",
     SLACcitation  = "%%CITATION = NUIMA,A324,433;%%"
}

@Article{Crabb:1997cy,
     author    = "Crabb, D. G. and Meyer, W.",
     title     = "{Solid polarized targets for nuclear and particle physics
                  experiments}",
     journal   = "Ann. Rev. Nucl. Part. Sci.",
     volume    = "47",
     year      = "1997",
     pages     = "67-109",
     doi       = "10.1146/annurev.nucl.47.1.67",
     SLACcitation  = "%%CITATION = ARNUA,47,67;%%"
}

@Article{Keith:2003ca,
     author    = "Keith, C. D. and others",
     title     = "{A polarized target for the CLAS detector}",
     journal   = "Nucl. Instrum. Meth.",
     volume    = "A501",
     year      = "2003",
     pages     = "327-339",
     doi       = "10.1016/S0168-9002(03)00429-7",
     SLACcitation  = "%%CITATION = NUIMA,A501,327;%%"
}
